@online{vnncomp-2023,
  author       = {{Stanley Bak, Changliu Liu, Taylor Johnson, Christopher Brix, David Shriver}},
  title        = {{4th Iternational Verification of Neural Networks Competition}},
  year         = {2023},
  url          = {https://sites.google.com/view/vnn2023/home?authuser=0},
  note         = {Accessed: 2023/12/21}
}
@online{aws-nn,
  author       = {{Amazon Web Services}},
  title        = {{What is a Neural Network}},
  year         = {2023},
  url          = {https://aws.amazon.com/what-is/neural-network/},
  note         = {Accessed: 2023/12/21}
}

@article{nn4sysbench2022,
  author    = {He, H. and Wei, T. and Zhang, H. and Liu, C. and Tan, C.},
  title     = {Characterizing Neural Network Verification for Systems with NN4SYSBENCH},
  journal   = {1st Workshop on Formal Verification of Machine Learning, Bal- timore, Maryland, USA},
  year      = {2017},
  url       = {https://web.mit.edu/pensieve/content/pensieve-sigcomm17.pdf}
}

@article{Pensieve2017,
  author    = {Mao, H. and Netravali, R. and Alizadeh, M.},
  title     = {Neural Adaptive Video Streaming with Pensieve},
  journal   = {Proceedings of the 2017 ACM SIGCOMM Conference},
  year      = {2022},
  url       = {https://naizhengtan.github.io/doc/papers/characterizing22haoyu.pdf}
}

@inproceedings{bak2021nfm,
  title={nnenum: Verification of ReLU Neural Networks with Optimized Abstraction Refinement},
  author={Bak, Stanley},
  booktitle={NASA Formal Methods Symposium},
  pages={19--36},
  year={2021},
  organization={Springer}
}

@online{project-github,
  title        = {{Github repository containing project code. }},
  year         = {2024},
  url          = {https://github.com/rpop0/VF-Project},
}